<record><leader>00000cas a22000007a 4500</leader><controlfield tag="001">11655601</controlfield><controlfield tag="008">850204d19031905mtuwr ne      0    0eng d</controlfield><datafield ind1=" " ind2=" " tag="010"><subfield code="a">sn 85053030 </subfield></datafield><datafield ind1=" " ind2=" " tag="040"><subfield code="a">MTL</subfield><subfield code="b">eng</subfield><subfield code="c">MTL</subfield><subfield code="d">OCLCQ</subfield></datafield><datafield ind1=" " ind2=" " tag="042"><subfield code="a">msc</subfield></datafield><datafield ind1="0" ind2=" " tag="130"><subfield code="a">Choteau Montanian (Choteau, Mont. : 1903)</subfield></datafield><datafield ind1="1" ind2="4" tag="245"><subfield code="a">The Choteau Montanian.</subfield></datafield><datafield ind1="3" ind2="0" tag="246"><subfield code="a">Montanian</subfield></datafield><datafield ind1=" " ind2=" " tag="260"><subfield code="a">Choteau, Mont. :</subfield><subfield code="b">C.E. Trescott,</subfield><subfield code="c">1903-1905.</subfield></datafield><datafield ind1=" " ind2=" " tag="300"><subfield code="a">3 v. :</subfield><subfield code="b">ill. ;</subfield><subfield code="c">60 cm.</subfield></datafield><datafield ind1=" " ind2=" " tag="310"><subfield code="a">Weekly</subfield></datafield><datafield ind1="0" ind2=" " tag="362"><subfield code="a">Vol. 14, no. 1 (May 5, 1903)-v. 16, no. 9 (June 30, 1905).</subfield></datafield><datafield ind1=" " ind2=" " tag="500"><subfield code="a">Sometimes published as: Montanian (Feb. 10-June 30, 1905).</subfield></datafield><datafield ind1=" " ind2=" " tag="500"><subfield code="a">"Official paper of Teton County," May 8, 1903-Mar. 11, 1904.</subfield></datafield><datafield ind1=" " ind2=" " tag="752"><subfield code="a">United States</subfield><subfield code="b">Montana</subfield><subfield code="c">Teton</subfield><subfield code="d">Choteau.</subfield></datafield><datafield ind1="0" ind2="0" tag="780"><subfield code="t">Montanian and chronicle</subfield><subfield code="w">(DLC)sn 85053029</subfield></datafield></record>